<?xml version="1.0" encoding="UTF-8"?>
<Document xmlns="urn:iso:std:iso:20022:tech:xsd:camt.054.001.04" xmlns:xsi="http://www.w3.org/2001/XMLSchema-instance" xsi:schemaLocation="urn:iso:std:iso:20022:tech:xsd:camt.054.001.04 camt.054.001.04.xsd">
	<BkToCstmrDbtCdtNtfctn>
		<GrpHdr>
			<MsgId>0000</MsgId>
			<CreDtTm></CreDtTm>
			<MsgPgntn>
				<PgNb>1</PgNb>
				<LastPgInd>true</LastPgInd>
			</MsgPgntn>
			<AddtlInf>Test</AddtlInf>
		</GrpHdr>
		<Ntfctn>
			<Id></Id>
			<CreDtTm>2016-05-27T23:00:57</CreDtTm>
			<FrToDt>
				<FrDtTm>2016-05-27T00:00:00</FrDtTm>
				<ToDtTm>2016-05-27T23:59:59</ToDtTm>
			</FrToDt>
			<Acct>
				<Id>
					<IBAN>CH1234567890123456789</IBAN>
				</Id>
				<Ownr>
					<Nm></Nm>
				</Ownr>
			</Acct>
			<Ntry>
				<NtryRef>1</NtryRef>
				<Amt Ccy="CHF">1000.00</Amt>
				<CdtDbtInd></CdtDbtInd>
				<RvslInd>false</RvslInd>
				<Sts>BOOK</Sts>
				<BookgDt>
					<Dt>2016-05-27</Dt>
				</BookgDt>
				<ValDt>
					<Dt>2016-05-30</Dt>
				</ValDt>
				<AcctSvcrRef></AcctSvcrRef>
				<BkTxCd>
					<Domn>
						<Cd></Cd>
						<Fmly>
							<Cd></Cd>
							<SubFmlyCd></SubFmlyCd>
						</Fmly>
					</Domn>
				</BkTxCd>
				<Chrgs>
					<TtlChrgsAndTaxAmt Ccy="CHF">5.60</TtlChrgsAndTaxAmt>
					<Rcrd>
						<Amt Ccy="CHF">5.40</Amt>
						<CdtDbtInd></CdtDbtInd>
						<ChrgInclInd>false</ChrgInclInd>
						<Tp>
							<Prtry>
								<Id>2</Id>
							</Prtry>
						</Tp>
					</Rcrd>
					<Rcrd>
						<Amt Ccy="CHF">0.20</Amt>
						<CdtDbtInd></CdtDbtInd>
						<ChrgInclInd>false</ChrgInclInd>
						<Tp>
							<Prtry>
								<Id>4</Id>
							</Prtry>
						</Tp>
					</Rcrd>
				</Chrgs>
				<NtryDtls>
					<Btch>
						<NbOfTxs>10</NbOfTxs>
					</Btch>
					<TxDtls>
						<Refs>
							<AcctSvcrRef></AcctSvcrRef>
							<Prtry>
								<Tp>04</Tp>
								<Ref></Ref>
							</Prtry>
						</Refs>
						<Amt Ccy="CHF">100.00</Amt>
						<CdtDbtInd></CdtDbtInd>
						<BkTxCd>
							<Domn>
								<Cd></Cd>
								<Fmly>
									<Cd></Cd>
									<SubFmlyCd></SubFmlyCd>
								</Fmly>
							</Domn>
						</BkTxCd>
						<Chrgs>
							<TtlChrgsAndTaxAmt Ccy="CHF">1.24</TtlChrgsAndTaxAmt>
							<Rcrd>
								<Amt Ccy="CHF">1.20</Amt>
								<CdtDbtInd></CdtDbtInd>
								<ChrgInclInd>false</ChrgInclInd>
								<Tp>
									<Prtry>
										<Id>2</Id>
									</Prtry>
								</Tp>
							</Rcrd>
							<Rcrd>
								<Amt Ccy="CHF">0.04</Amt>
								<CdtDbtInd></CdtDbtInd>
								<ChrgInclInd>false</ChrgInclInd>
								<Tp>
									<Prtry>
										<Id>4</Id>
									</Prtry>
								</Tp>
							</Rcrd>
						</Chrgs>
						<RltdAgts>
							<DbtrAgt>
								<FinInstnId>
									<BICFI></BICFI>
									<Nm></Nm>
									<PstlAdr>
										<AdrLine></AdrLine>
										<AdrLine></AdrLine>
									</PstlAdr>
								</FinInstnId>
							</DbtrAgt>
						</RltdAgts>
						<RmtInf>
							<Strd>
								<CdtrRefInf>
									<Tp>
										<CdOrPrtry>
											<Prtry>ce</Prtry>
										</CdOrPrtry>
									</Tp>
									<Ref>123456789012345678901234560</Ref>
								</CdtrRefInf>
								<AddtlRmtInf>?REJECT?0</AddtlRmtInf>
							</Strd>
						</RmtInf>
						<RltdDts>
							<AccptncDtTm>2016-05-26T20:00:00</AccptncDtTm>
						</RltdDts>
					</TxDtls>
					<TxDtls>
						<Refs>
							<AcctSvcrRef></AcctSvcrRef>
							<Prtry>
								<Tp>01</Tp>
								<Ref></Ref>
							</Prtry>
						</Refs>
						<Amt Ccy="CHF">50.00</Amt>
						<CdtDbtInd></CdtDbtInd>
						<BkTxCd>
							<Domn>
								<Cd></Cd>
								<Fmly>
									<Cd></Cd>
									<SubFmlyCd></SubFmlyCd>
								</Fmly>
							</Domn>
						</BkTxCd>
						<RltdPties>
							<Dbtr>
								<Nm></Nm>
								<PstlAdr>
									<StrtNm></StrtNm>
									<BldgNb></BldgNb>
									<PstCd></PstCd>
									<TwnNm></TwnNm>
									<Ctry></Ctry>
								</PstlAdr>
							</Dbtr>
						</RltdPties>
						<RltdAgts>
							<DbtrAgt>
								<FinInstnId>
									<BICFI></BICFI>
									<Nm></Nm>
									<PstlAdr>
										<AdrLine></AdrLine>
										<AdrLine></AdrLine>
									</PstlAdr>
								</FinInstnId>
							</DbtrAgt>
						</RltdAgts>
						<RmtInf>
							<Strd>
								<CdtrRefInf>
									<Tp>
										<CdOrPrtry>
											<Prtry></Prtry>
										</CdOrPrtry>
									</Tp>
									<Ref>123456789012345678901234561</Ref>
								</CdtrRefInf>
								<AddtlRmtInf>?REJECT?0</AddtlRmtInf>
							</Strd>
						</RmtInf>
						<RltdDts>
							<AccptncDtTm>2016-05-27T20:00:00</AccptncDtTm>
						</RltdDts>
					</TxDtls>
					<TxDtls>
						<Refs>
							<AcctSvcrRef></AcctSvcrRef>
							<Prtry>
								<Tp>01</Tp>
								<Ref></Ref>
							</Prtry>
						</Refs>
						<Amt Ccy="CHF">200.00</Amt>
						<CdtDbtInd></CdtDbtInd>
						<BkTxCd>
							<Domn>
								<Cd></Cd>
								<Fmly>
									<Cd></Cd>
									<SubFmlyCd></SubFmlyCd>
								</Fmly>
							</Domn>
						</BkTxCd>
						<RltdAgts>
							<DbtrAgt>
								<FinInstnId>
									<ClrSysMmbId>
										<MmbId></MmbId>
									</ClrSysMmbId>
									<Nm></Nm>
									<PstlAdr>
										<AdrLine></AdrLine>
										<AdrLine></AdrLine>
									</PstlAdr>
								</FinInstnId>
							</DbtrAgt>
						</RltdAgts>
						<RmtInf>
							<Strd>
								<CdtrRefInf>
									<Tp>
										<CdOrPrtry>
											<Prtry></Prtry>
										</CdOrPrtry>
									</Tp>
									<Ref>123456789012345678901234562</Ref>
								</CdtrRefInf>
								<AddtlRmtInf>?REJECT?0</AddtlRmtInf>
							</Strd>
						</RmtInf>
						<RltdDts>
							<AccptncDtTm>2016-05-27T20:00:00</AccptncDtTm>
						</RltdDts>
					</TxDtls>
					<TxDtls>
						<Refs>
							<AcctSvcrRef></AcctSvcrRef>
							<Prtry>
								<Tp>04</Tp>
								<Ref></Ref>
							</Prtry>
						</Refs>
						<Amt Ccy="CHF">50.00</Amt>
						<CdtDbtInd></CdtDbtInd>
						<BkTxCd>
							<Domn>
								<Cd></Cd>
								<Fmly>
									<Cd></Cd>
									<SubFmlyCd></SubFmlyCd>
								</Fmly>
							</Domn>
						</BkTxCd>
						<Chrgs>
							<TtlChrgsAndTaxAmt Ccy="CHF">0.94</TtlChrgsAndTaxAmt>
							<Rcrd>
								<Amt Ccy="CHF">0.90</Amt>
								<CdtDbtInd></CdtDbtInd>
								<ChrgInclInd>false</ChrgInclInd>
								<Tp>
									<Prtry>
										<Id>2</Id>
									</Prtry>
								</Tp>
							</Rcrd>
							<Rcrd>
								<Amt Ccy="CHF">0.04</Amt>
								<CdtDbtInd></CdtDbtInd>
								<ChrgInclInd>false</ChrgInclInd>
								<Tp>
									<Prtry>
										<Id>4</Id>
									</Prtry>
								</Tp>
							</Rcrd>
						</Chrgs>
						<RltdAgts>
							<DbtrAgt>
								<FinInstnId>
									<BICFI></BICFI>
									<Nm></Nm>
									<PstlAdr>
										<AdrLine></AdrLine>
										<AdrLine></AdrLine>
									</PstlAdr>
								</FinInstnId>
							</DbtrAgt>
						</RltdAgts>
						<RmtInf>
							<Strd>
								<CdtrRefInf>
									<Tp>
										<CdOrPrtry>
											<Prtry></Prtry>
										</CdOrPrtry>
									</Tp>
									<Ref>123456789012345678901234563</Ref>
								</CdtrRefInf>
								<AddtlRmtInf>?REJECT?0</AddtlRmtInf>
							</Strd>
						</RmtInf>
						<RltdDts>
							<AccptncDtTm>2016-05-26T20:00:00</AccptncDtTm>
						</RltdDts>
					</TxDtls>
					<TxDtls>
						<Refs>
							<AcctSvcrRef></AcctSvcrRef>
							<Prtry>
								<Tp>04</Tp>
								<Ref></Ref>
							</Prtry>
						</Refs>
						<Amt Ccy="CHF">100.00</Amt>
						<CdtDbtInd></CdtDbtInd>
						<BkTxCd>
							<Domn>
								<Cd></Cd>
								<Fmly>
									<Cd></Cd>
									<SubFmlyCd></SubFmlyCd>
								</Fmly>
							</Domn>
						</BkTxCd>
						<Chrgs>
							<TtlChrgsAndTaxAmt Ccy="CHF">1.24</TtlChrgsAndTaxAmt>
							<Rcrd>
								<Amt Ccy="CHF">1.20</Amt>
								<CdtDbtInd></CdtDbtInd>
								<ChrgInclInd>false</ChrgInclInd>
								<Tp>
									<Prtry>
										<Id>2</Id>
									</Prtry>
								</Tp>
							</Rcrd>
							<Rcrd>
								<Amt Ccy="CHF">0.04</Amt>
								<CdtDbtInd></CdtDbtInd>
								<ChrgInclInd>false</ChrgInclInd>
								<Tp>
									<Prtry>
										<Id>4</Id>
									</Prtry>
								</Tp>
							</Rcrd>
						</Chrgs>
						<RltdAgts>
							<DbtrAgt>
								<FinInstnId>
									<BICFI></BICFI>
									<Nm></Nm>
									<PstlAdr>
										<AdrLine></AdrLine>
										<AdrLine></AdrLine>
									</PstlAdr>
								</FinInstnId>
							</DbtrAgt>
						</RltdAgts>
						<RmtInf>
							<Strd>
								<CdtrRefInf>
									<Tp>
										<CdOrPrtry>
											<Prtry></Prtry>
										</CdOrPrtry>
									</Tp>
									<Ref>123456789012345678901234564</Ref>
								</CdtrRefInf>
								<AddtlRmtInf>?REJECT?0</AddtlRmtInf>
							</Strd>
						</RmtInf>
						<RltdDts>
							<AccptncDtTm>2016-05-26T20:00:00</AccptncDtTm>
						</RltdDts>
					</TxDtls>
					<TxDtls>
						<Refs>
							<AcctSvcrRef></AcctSvcrRef>
							<Prtry>
								<Tp>01</Tp>
								<Ref></Ref>
							</Prtry>
						</Refs>
						<Amt Ccy="CHF">200.00</Amt>
						<CdtDbtInd></CdtDbtInd>
						<BkTxCd>
							<Domn>
								<Cd></Cd>
								<Fmly>
									<Cd></Cd>
									<SubFmlyCd></SubFmlyCd>
								</Fmly>
							</Domn>
						</BkTxCd>
						<RltdPties>
							<Dbtr>
								<Nm></Nm>
								<PstlAdr>
									<StrtNm></StrtNm>
									<BldgNb></BldgNb>
									<PstCd></PstCd>
									<TwnNm></TwnNm>
									<Ctry></Ctry>
								</PstlAdr>
							</Dbtr>
							<DbtrAcct>
								<Id>
									<IBAN>CH4444444444444444444</IBAN>
								</Id>
							</DbtrAcct>
						</RltdPties>
						<RltdAgts>
							<DbtrAgt>
								<FinInstnId>
									<BICFI></BICFI>
									<Nm></Nm>
									<PstlAdr>
										<AdrLine></AdrLine>
										<AdrLine></AdrLine>
									</PstlAdr>
								</FinInstnId>
							</DbtrAgt>
						</RltdAgts>
						<RmtInf>
							<Strd>
								<CdtrRefInf>
									<Tp>
										<CdOrPrtry>
											<Prtry></Prtry>
										</CdOrPrtry>
									</Tp>
									<Ref>123456789012345678901234564</Ref>
								</CdtrRefInf>
								<AddtlRmtInf>?REJECT?0</AddtlRmtInf>
							</Strd>
						</RmtInf>
						<RltdDts>
							<AccptncDtTm>2016-05-27T20:00:00</AccptncDtTm>
						</RltdDts>
					</TxDtls>
					<TxDtls>
						<Refs>
							<AcctSvcrRef></AcctSvcrRef>
							<Prtry>
								<Tp>04</Tp>
								<Ref></Ref>
							</Prtry>
						</Refs>
						<Amt Ccy="CHF">50.00</Amt>
						<CdtDbtInd></CdtDbtInd>
						<BkTxCd>
							<Domn>
								<Cd></Cd>
								<Fmly>
									<Cd></Cd>
									<SubFmlyCd></SubFmlyCd>
								</Fmly>
							</Domn>
						</BkTxCd>
						<Chrgs>
							<TtlChrgsAndTaxAmt Ccy="CHF">0.94</TtlChrgsAndTaxAmt>
							<Rcrd>
								<Amt Ccy="CHF">0.90</Amt>
								<CdtDbtInd></CdtDbtInd>
								<ChrgInclInd>false</ChrgInclInd>
								<Tp>
									<Prtry>
										<Id>2</Id>
									</Prtry>
								</Tp>
							</Rcrd>
							<Rcrd>
								<Amt Ccy="CHF">0.04</Amt>
								<CdtDbtInd></CdtDbtInd>
								<ChrgInclInd>false</ChrgInclInd>
								<Tp>
									<Prtry>
										<Id>4</Id>
									</Prtry>
								</Tp>
							</Rcrd>
						</Chrgs>
						<RltdAgts>
							<DbtrAgt>
								<FinInstnId>
									<BICFI></BICFI>
									<Nm></Nm>
									<PstlAdr>
										<AdrLine></AdrLine>
										<AdrLine></AdrLine>
									</PstlAdr>
								</FinInstnId>
							</DbtrAgt>
						</RltdAgts>
						<RmtInf>
							<Strd>
								<CdtrRefInf>
									<Tp>
										<CdOrPrtry>
											<Prtry></Prtry>
										</CdOrPrtry>
									</Tp>
									<Ref>123456789012345678901234565</Ref>
								</CdtrRefInf>
								<AddtlRmtInf>?REJECT?0</AddtlRmtInf>
							</Strd>
						</RmtInf>
						<RltdDts>
							<AccptncDtTm>2016-05-26T20:00:00</AccptncDtTm>
						</RltdDts>
					</TxDtls>
					<TxDtls>
						<Refs>
							<AcctSvcrRef></AcctSvcrRef>
							<Prtry>
								<Tp>04</Tp>
								<Ref></Ref>
							</Prtry>
						</Refs>
						<Amt Ccy="CHF">100.00</Amt>
						<CdtDbtInd></CdtDbtInd>
						<BkTxCd>
							<Domn>
								<Cd></Cd>
								<Fmly>
									<Cd></Cd>
									<SubFmlyCd></SubFmlyCd>
								</Fmly>
							</Domn>
						</BkTxCd>
						<Chrgs>
							<TtlChrgsAndTaxAmt Ccy="CHF">1.24</TtlChrgsAndTaxAmt>
							<Rcrd>
								<Amt Ccy="CHF">1.20</Amt>
								<CdtDbtInd></CdtDbtInd>
								<ChrgInclInd>false</ChrgInclInd>
								<Tp>
									<Prtry>
										<Id>2</Id>
									</Prtry>
								</Tp>
							</Rcrd>
							<Rcrd>
								<Amt Ccy="CHF">0.04</Amt>
								<CdtDbtInd></CdtDbtInd>
								<ChrgInclInd>false</ChrgInclInd>
								<Tp>
									<Prtry>
										<Id>4</Id>
									</Prtry>
								</Tp>
							</Rcrd>
						</Chrgs>
						<RltdAgts>
							<DbtrAgt>
								<FinInstnId>
									<BICFI></BICFI>
									<Nm></Nm>
									<PstlAdr>
										<AdrLine></AdrLine>
										<AdrLine></AdrLine>
									</PstlAdr>
								</FinInstnId>
							</DbtrAgt>
						</RltdAgts>
						<RmtInf>
							<Strd>
								<CdtrRefInf>
									<Tp>
										<CdOrPrtry>
											<Prtry></Prtry>
										</CdOrPrtry>
									</Tp>
									<Ref>123456789012345678901234567</Ref>
								</CdtrRefInf>
								<AddtlRmtInf>?REJECT?0</AddtlRmtInf>
							</Strd>
						</RmtInf>
						<RltdDts>
							<AccptncDtTm>2016-05-26T20:00:00</AccptncDtTm>
						</RltdDts>
					</TxDtls>
					<TxDtls>
						<Refs>
							<AcctSvcrRef></AcctSvcrRef>
							<Prtry>
								<Tp>01</Tp>
								<Ref></Ref>
							</Prtry>
						</Refs>
						<Amt Ccy="CHF">50.00</Amt>
						<CdtDbtInd></CdtDbtInd>
						<BkTxCd>
							<Domn>
								<Cd></Cd>
								<Fmly>
									<Cd></Cd>
									<SubFmlyCd></SubFmlyCd>
								</Fmly>
							</Domn>
						</BkTxCd>
						<RltdPties>
							<Dbtr>
								<Nm></Nm>
								<PstlAdr>
									<StrtNm></StrtNm>
									<BldgNb></BldgNb>
									<PstCd></PstCd>
									<TwnNm></TwnNm>
									<Ctry>CH</Ctry>
								</PstlAdr>
							</Dbtr>
							<DbtrAcct>
								<Id>
									<IBAN>CH0000000000000000000</IBAN>
								</Id>
							</DbtrAcct>
						</RltdPties>
						<RltdAgts>
							<DbtrAgt>
								<FinInstnId>
									<BICFI></BICFI>
									<Nm></Nm>
									<PstlAdr>
										<AdrLine></AdrLine>
										<AdrLine></AdrLine>
									</PstlAdr>
								</FinInstnId>
							</DbtrAgt>
						</RltdAgts>
						<RmtInf>
							<Strd>
								<CdtrRefInf>
									<Tp>
										<CdOrPrtry>
											<Prtry></Prtry>
										</CdOrPrtry>
									</Tp>
									<Ref>123456789012345678901234568</Ref>
								</CdtrRefInf>
								<AddtlRmtInf>?REJECT?0</AddtlRmtInf>
							</Strd>
						</RmtInf>
						<RltdDts>
							<AccptncDtTm>2016-05-27T20:00:00</AccptncDtTm>
						</RltdDts>
					</TxDtls>
					<TxDtls>
						<Refs>
							<AcctSvcrRef></AcctSvcrRef>
							<Prtry>
								<Tp>01</Tp>
								<Ref></Ref>
							</Prtry>
						</Refs>
						<Amt Ccy="CHF">100.00</Amt>
						<CdtDbtInd></CdtDbtInd>
						<BkTxCd>
							<Domn>
								<Cd></Cd>
								<Fmly>
									<Cd></Cd>
									<SubFmlyCd></SubFmlyCd>
								</Fmly>
							</Domn>
						</BkTxCd>
						<RltdPties>
							<Dbtr>
								<Nm></Nm>
								<PstlAdr>
									<StrtNm></StrtNm>
									<BldgNb></BldgNb>
									<PstCd></PstCd>
									<TwnNm></TwnNm>
									<Ctry>CH</Ctry>
								</PstlAdr>
							</Dbtr>
							<DbtrAcct>
								<Id>
									<IBAN>CH0000000000000000000</IBAN>
								</Id>
							</DbtrAcct>
						</RltdPties>
						<RltdAgts>
							<DbtrAgt>
								<FinInstnId>
									<BICFI></BICFI>
									<Nm></Nm>
									<PstlAdr>
										<AdrLine></AdrLine>
										<AdrLine></AdrLine>
									</PstlAdr>
								</FinInstnId>
							</DbtrAgt>
						</RltdAgts>
						<RmtInf>
							<Strd>
								<CdtrRefInf>
									<Tp>
										<CdOrPrtry>
											<Prtry></Prtry>
										</CdOrPrtry>
									</Tp>
									<Ref>123456789012345678901234568</Ref>
								</CdtrRefInf>
								<AddtlRmtInf>?REJECT?0</AddtlRmtInf>
							</Strd>
						</RmtInf>
						<RltdDts>
							<AccptncDtTm>2016-05-27T20:00:00</AccptncDtTm>
						</RltdDts>
					</TxDtls>
				</NtryDtls>
				<AddtlNtryInf>SAMMELGUTSCHRIFT ESR VERARBEITUNG VOM 27.05.2016</AddtlNtryInf>
			</Ntry>
		</Ntfctn>
	</BkToCstmrDbtCdtNtfctn>
</Document>
