00201000000400000000000201511000291319200000100000000  000016053016053016053000000000000000000000000                          
00201000000400000000000201603000282080400000050000000  000016053016053016053000000000000000000000000                          
00201000000400000000000201603000158163200000200000000  000016053016053016053000000000000000000000000                          
00201000000400000000000201511000301593900000050000000  000016053016053016053000000000000000000000000                          
00201000000400000000000201603000053599000000100000000  000016053016053016053000000000000000000000000                          
00201000000400000000000201603000246359100000200000000  000016053016053016053000000000000000000000000                          
00201000000400000000000201603000278061300000050000000  000016053016053016053000000000000000000000000                          
00201000000400000000000201603000155437300000100000000  000016053016053016053000000000000000000000000                          
00201000000400000000000201603000098562000000050000000  000016053016053016053000000000000000000000000                          
00201000000400000000000201603000159361400000100000000  000016053016053016053000000000000000000000000                          
999010000004999999999999999999999999999000000100000000000000010160530000000000000000000                                       
