00201006218297059901360000000185021585600000219000000  000017100617100917100999999999500000000000000                          
00201006218297059901360000000695021102700000299800000  000017100617100917100999999999500000000000000                          
00201006218297059901360000000909021604800000093350000  000017100617100917100999999999500000000000000                          
00201006218297059901360000001452021249800000065850000  000017100617100917100999999999500000000000000                          
00201006218297059901360000001655021326000000130500000  000017100617100917100999999999500000000000000                          
00201006218297059901360000001749021440000000356050000  000017100617100917100999999999500000000000000                          
00201006218297059901360000001966021398300000810250000  000017100617100917100999999999500000000000000                          
00201006218297059901360000002482021243800000475200000  000017100617100917100999999999500000000000000                          
00201006218297059901360000002570021645000000077300000  000017100617100917100999999999500000000000000                          
00201006218297059901360000002804021691800000251000000  000017100617100917100999999999500000000000000                          
00201006218297059901360000002824021056200000517450000  000017100617100917100999999999500000000000000                          
00201006218297059901360000002910021334500000225550000  000017100617100917100999999999500000000000000                          
00201006218297059901360000003322021581200000273450000  000017100617100917100999999999500000000000000                          
00201006218297059901360000003647020423800000014559999  999917100917100917100999999999500000000000000                          
00201006218297059901360000003647020424300000083909999  999917100917100917100999999999500000000000000                          
00201006218297059901360000005624021712600000123050000  000017100617100917100999999999500000000000000                          
00201006218297059901360000006519021721600000154550000  000017100617100917100999999999500000000000000                          
00201006218297059901360000006592020803100000348150000  000017100617100917100999999999500000000000000                          
00201006218297059901360000006750021328200000137250000  000017100617100917100999999999500000000000000                          
999010062182999999999999999999999999999000000465620000000000019171009000000000000000000                                       
